@INPROCEEDINGS{Javidi10_HypothesisTesting, 
	author={Naghshvar, M. and Javidi, T.}, 
	booktitle={48th Annual Allerton Conference on Communication, Control, and Computing},
	title={Information utility in active sequential hypothesis testing}, 
	year={2010}, 
	month={October}, 
	pages={123-129}
}

@INPROCEEDINGS{Javidi11_HypothesisTesting, 
	author={Naghshvar, M. and Javidi, T.}, 
	booktitle={Information Theory Proceedings (ISIT), 2011 IEEE International Symposium on}, title={Performance bounds for active sequential hypothesis testing}, 
	year={2011}, 
	month={August}, 
	volume={}, 
	number={}, 
	pages={2666-2670} 
}

@INPROCEEDINGS{Javidi10_MaryHypothesisTesting, 
author={Naghshvar, M. and Javidi, T.}, 
booktitle={Information Theory Proceedings (ISIT), 2010 IEEE International Symposium on}, title={Active M-ary sequential hypothesis testing}, 
year={2010}, 
month={June}, 
volume={}, 
number={}, 
pages={1623-1627}
}

@ARTICLE{Javidi12_Journal,
   author = {Naghshvar, M. and Javidi, T.},
    title = {Active Sequential Hypothesis Testing},
  journal = {IEEE Transactions on Information Theory (to appear)},
     year = {2012},
    month = {March}
}



@inproceedings{sommerlade08_information,
  author = {Eric Sommerlade and Ian Reid},
  booktitle = {Proc. IEEE Computer Vision and Pattern Recognition (CVPR)},
  keywords = {control, scheduling, information-theory},
  title = {Information theoretic Active Scene Exploration},
  year = {2008},
  month = {May}
}

@inproceedings{spaan08_POMDP,
    author = {Matthijs T. J. Spaan},
    booktitle = {AAAI 2008 Workshop on Advancements in POMDP Solvers},
    title = {Cooperative Active Perception using {POMDP}s},
    year = {2008}
}

@InProceedings{Hero03_sensor_management,
	title = {{Sensor Management Using Relevance Feedback Learning}},
	booktitle = {IEEE Transactions on Signal Processing},
	year = {2003},
	author = {Chris Kreucher and Keith Kastella and Alfred O. {Hero III}}
}

@MISC{Mihaylova03_active_sensing,
    author = {L. Mihaylova and T. Lefebvre and H. Bruyninckx and J. De Schutter},
    title = {Active Robotic Sensing as Decision Making with Statistical Methods},
    year = {2003}
}

@InCollection{valente12_info_gathering,
  author = 	{Valente, L. and Tsai, R. and Soatto, S.},
  title = 	{Information Gathering Control via Exploratory Path Planning},
  booktitle = 	{Proceedings of the Conference on Information Sciences and Systems},
  year = 	{2012},
  month = 	{March}
}

@inproceedings{velez11_ijcai,
    author = {Javier Velez and Garrett Hemann and Albert S. Huang and Ingmar Posner and Nicholas Roy},
    title = {Active Exploration for Robust Object Detection},
    booktitle = {{Int. Joint Conf. on Artificial Intelligence (IJCAI)}},
    month = {Jul.},
    year = {2011},
    address = {Barcelona, Spain}
}

@inproceedings{velez11_icaps,
    author = {Javier Velez and Garrett Hemann and Albert S. Huang and Ingmar Posner and Nicholas Roy},
    title = {Planning to Perceive: Exploiting Mobility For Robust Object Detection},
    booktitle = {{Int. Conf. on Automated Planning and Scheduling (ICAPS)}},
    month = {Jun.},
    year = {2011},
    address = {Freiburg, Germany}
}

@inproceedings{Herbst11_icra,
  author = {Herbst, Evan and Henry, Peter and Ren, Xiaofeng and Fox, Dieter},
  booktitle = {ICRA},
  pages = {2623-2629},
  publisher = {IEEE},
  title = {Toward object discovery and modeling via 3-D scene comparison.},
  year = 2011
}

@PhDThesis{Jenkins10_PhD,
	author = {K. L. Jenkins},
	year = {2010},
	title = {{Fast adaptive sensor management for feature-based classification}},
	school = {Boston University}
}

@PhDThesis{Huber09_PhD,
	author = {Marco Huber},
	year = {2009},
	title = {Probabilistic Framework for Sensor Management},
	school = {Universit\"{a}t Karlsruhe (TH)}
}

@InProceedings{Lehment11_HumanPoseTracking,
	title = {{Using segmented 3D point clouds for accurate likelihood approximation in human pose tracking}},
	author = {Lehment, N.H. and Kaiser, M. and Rigoll, G.},
	year = {2011},
	booktitle = {Computer Vision Workshops (ICCV Workshops), 2011 IEEE International Conference on},
	month = {November},
	pages = {406-413}
}

@InProceedings{Rhunke11_SparseSurfaceAlignment,
	title = {{Range Sensor Based Model Construction by Sparse Surface Adjustment}},
	booktitle = {In Proc. of the IEEE Workshop on Advanced Robotics and its Social Impacts (ARSO)},
	month = {October},
	year = {2011},
	author = {M. Ruhnke and R. K\"ummerle and G. Grisetti and W. Burgard},
	location = {Half Moon Bay, CA, USA}
}

@Article{Fallon12_SceneSimulation,
	journal = {ICRA, St Paul, Minnesota, USA},
	author = {Maurice F. Fallon and Hordur Johannsson and John Leonard},
	month = {May},
	title = {{Efficient Scene Simulation for Robust Monte Carlo Localization using an RGB-D Camera}},
	year = {2012}
}

@InProceedings{Potthast11_NextBestView,
	booktitle = {IEEE/RSJ International Conference on Intelligent Robots and Systems (IROS)},
	year = {2011},
	author = {Christian Potthast and Gaurav S. Sukhatme},
	title = {{A Probabilistic Framework for Next Best View Estimation in a Cluttered Environment}}
}

@Article{Roy12_EstPlanMap,
	title = {{Estimation, Planning and Mapping for Autonomous Flight Using an RGB-D Camera in GPS-denied Environments}},
	author = {A. Bachrach and S. Prentice and R. He and P. Henry and A. S. Huang and M. Krainin and D. Maturana and D. Fox and N. Roy},
	journal = {{International Journal of Robotics Research}},
	year = {to appear}
}

@INPROCEEDINGS{Shi11_MultiHypothesis, 
author={Haifeng Gong and Sim, J. and Likhachev, M. and Jianbo Shi}, 
booktitle={Computer Vision (ICCV), 2011 IEEE International Conference on},
title={Multi-hypothesis motion planning for visual object tracking}, 
year={2011}, 
month={November}, 
pages={619 -626}
}

@INPROCEEDINGS{Kragic06_ActiveObjRecognition, 
author={Ekvall, S. and Jensfelt, P. and Kragic, D.}, 
booktitle={Intelligent Robots and Systems, 2006 IEEE/RSJ International Conference on}, 
title={Integrating Active Mobile Robot Object Recognition and SLAM in Natural Environments}, 
year={2006}, 
month={October}, 
pages={5792 -5797}
}

@inproceedings{Cipolla04_TemplateLikelihood,
   title = {Likelihood Models For Template Matching using the PDF Projection Theorem},
   author = {Thayananthan, A. and Navaratnam, R. and Torr, P. H. S. and Cipolla, R.},
   year = {2004},
   pages = {97.1-97.10},
   booktitle = {Proc. BMVC}
}

@INPROCEEDINGS{Rusu10_ViewpointFeatureHistogram, 
author={Rusu, R.B. and Bradski, G. and Thibaux, R. and Hsu, J.}, 
booktitle={Intelligent Robots and Systems (IROS), 2010 IEEE/RSJ International Conference on}, title={Fast 3D recognition and pose using the Viewpoint Feature Histogram}, 
year={2010}, 
month={October}, 
pages={2155 -2162}
}

@inproceedings{Fox11_JointObjPoseRecognition,
  author = {Kevin Lai and Liefeng Bo and Xiaofeng Ren and Dieter Fox},
  title = {A Scalable Tree-based Approach for Joint Object and Pose Recognition},
  booktitle = {Twenty-Fifth Conference on Artificial Intelligence (AAAI)},
  year = {2011},
  month = {August}
}

@INPROCEEDINGS{Fox11_ObjectRecognition, 
author={Lai, K. and Liefeng Bo and Xiaofeng Ren and Fox, D.}, 
booktitle={Robotics and Automation (ICRA), 2011 IEEE International Conference on}, 
title={Sparse distance learning for object recognition combining RGB and depth information}, 
year={2011}, 
month={May}, 
pages={4007-4013}
}

@INPROCEEDINGS{Scharinger10_SceneModeling6D, 
	author={Eidenberger, R. and Scharinger, J.}, 
	booktitle={Intelligent Robots and Systems (IROS), 2010 IEEE/RSJ International Conference on},
	title={Active perception and scene modeling by planning with probabilistic 6D object poses}, 
	year={2010}, 
	month={October},
	pages={1036-1043}
}

@ARTICLE{Hero11_sensor_management, 
	author={Alfred O. {Hero III} and D. Cochran}, 
	journal={Sensors Journal, IEEE},
	title={Sensor Management: Past, Present, and Future}, 
	year={2011}, 
	month={December}, 
	volume={11}, 
	number={12}, 
	pages={3064-3075}
}

@InProceedings{Felzenszwalb08_detector,
	title = {A Discriminatively Trained, Multiscale, Deformable Part Model},
	booktitle = {Proceedings of the IEEE CVPR},
	year = {2008},
	author = {Felzenszwalb, P. F. and Girshick, R. B. and McAllester, D.}
}
@inproceedings{NisterS06_vocabtree,
  author    = {David Nist{\'e}r and
               Henrik Stew{\'e}nius},
  title     = {Scalable Recognition with a Vocabulary Tree},
  booktitle = {CVPR (2)},
  year      = {2006},
  pages     = {2161-2168}
}
@inproceedings{steder10NARF,
  author = {Steder, B. and Rusu, R. B. and Konolige, K. and Burgard, W.},
  title = {{NARF}: {3D} Range Image Features for Object Recognition},
  booktitle = {Workshop on Defining and Solving Realistic Perception Problems               
     in Personal Robotics at the IEEE/RSJ Int. Conf. on               
     Intelligent Robots and Systems (IROS)},
  address = {Taipei, Taiwan},
  year = {2010}
}
@PhDThesis {RusuDoctoralDissertation,
	title = {Semantic 3D Object Maps for Everyday Manipulation in Human Living Environments},
	volume = {PhD},
	year = {2009},
	month = {10/2009},
	pages = {284},
	school = {Tecnische Universitatet Muenchen},
	type = {phd},
	address = {Munich, Germany},
	keywords = {perception},
	author = {Radu Bogdan Rusu}
}

@INPROCEEDINGS{Krause05near-optimalnonmyopic,
    author = {Andreas Krause and Carlos Guestrin},
    title = {Near-optimal Nonmyopic Value of Information in Graphical Models},
    booktitle = {Twenty-first conference on Uncertainty in Artificial Intelligence (UAI)},
    year = {2005},
    pages = {5},
    publisher = {}
}

@INPROCEEDINGS{Krause07near-optimalobservation,
    author = {Andreas Krause},
    title = {Near-optimal observation selection using submodular functions},
    booktitle = {In AAAI Nectar},
    year = {2007}
}

@INPROCEEDINGS{Krause06, 
	author={Krause, A. and Guestrin, C. and Gupta, A. and Kleinberg, J.}, 
	booktitle={Information Processing in Sensor Networks, 2006. IPSN 2006. The Fifth International Conference on}, 
	title={Near-optimal sensor placements: maximizing information while minimizing communication cost}, 
	year={2006}, 
	month={}, 
	volume={}, 
	number={}, 
	pages={2-10}
}

@ARTICLE{Williams07_performance,
	AUTHOR = "Jason L. Williams and John W. Fisher III and Alan S. Willsky",
	TITLE = "Performance Guarantees for Information Theoretic Active Inference",
	JOURNAL = "Journal of Machine Learning Research - Proceedings Track",
	PAGES = {620-627},
	YEAR = {2007},
}

@INPROCEEDINGS{Williams07, 
	author={Williams, J.L. and Fisher, J.W. and Willsky, A.S.}, 
	booktitle={Acoustics, Speech and Signal Processing, 2007. ICASSP 2007. IEEE International Conference on}, 
	title={Performance Guarantees for Information Theoretic Sensor Resource Management}, 
	year={2007}, 
	month={april}, 
	volume={3}, 
	number={}, 
	pages={III-933-III-936}
}

@ARTICLE{Kurniawati08_sarsop,
    author = {Hanna Kurniawati and David Hsu and Wee Sun Lee},
    title = {{SARSOP: Efficient Point-Based POMDP Planning by Approximating Optimally Reachable Belief Spaces}},
    journal = {Proc. Robotics: Science and Systems},
    year = {2008}
}

@ARTICLE{Ong08_sarsop,
    author = {Sylvie C. W. Ong and Shao Wei Png and David Hsu and Wee Sun Lee},
    title = {{POMDPs for Robotic Tasks with Mixed Observability}},
    journal = {Proc. Robotics: Science and Systems},
    year = {2009}
}

@article{Khatib86_internalloop,
 author = {Khatib, O},
 title = {Real-time obstacle avoidance for manipulators and mobile robots},
 journal = {International Journal of Robotics Research},
 volume = {5},
 number = {1},
 month = {Aprol},
 year = {1986},
 pages = {90--98},
 publisher = {Sage Publications, Inc.},
 address = {Thousand Oaks, CA, USA}
}

@ARTICLE{Cortes04_coverage_control, 
	author={Cortes, J. and Martinez, S. and Karatas, T. and Bullo, F.}, 
	journal={Robotics and Automation, IEEE Transactions on}, 
	title={Coverage control for mobile sensing networks}, 
	year={2004}, 
	month={april}, 
	volume={20}, 
	number={2}, 
	pages={ 243-255}
}
@article{Lowe04,
  author    = {David G. Lowe},
  title     = {Distinctive Image Features from Scale-Invariant Keypoints},
  journal   = {International Journal of Computer Vision},
  volume    = {60},
  number    = {2},
  year      = {2004},
  pages     = {91-110},
  ee        = {http://dx.doi.org/10.1023/B:VISI.0000029664.99615.94},
  bibsource = {DBLP, http://dblp.uni-trier.de}
}
@article{BelongieMP02,
  author    = {Serge Belongie and
               Jitendra Malik and
               Jan Puzicha},
  title     = {Shape Matching and Object Recognition Using Shape Contexts},
  journal   = {IEEE Trans. Pattern Anal. Mach. Intell.},
  volume    = {24},
  number    = {4},
  year      = {2002},
  pages     = {509-522},
  ee        = {http://doi.ieeecomputersociety.org/10.1109/34.993558},
  bibsource = {DBLP, http://dblp.uni-trier.de}
}
@article{FanMN89,
  author    = {Ting-Jun Fan and
               G{\'e}rard G. Medioni and
               Ramakant Nevatia},
  title     = {Recognizing 3-D Objects Using Surface Descriptions},
  journal   = {IEEE Trans. Pattern Anal. Mach. Intell.},
  volume    = {11},
  number    = {11},
  year      = {1989},
  pages     = {1140-1157},
  ee        = {http://doi.ieeecomputersociety.org/10.1109/34.42853},
  bibsource = {DBLP, http://dblp.uni-trier.de}
}
@InProceedings{Rusu_ICRA2011_PCL,
  author    = {Radu Bogdan Rusu and Steve Cousins},
  title     = {{3D is here: Point Cloud Library (PCL)}},
  booktitle = {{IEEE International Conference on Robotics and Automation (ICRA)}},
  month     = {May 9-13},
  year      = {2011},
  address   = {Shanghai, China}
}
@MastersThesis{BharathThesis,
  author = {Bharath Sankaran},
  title = {Sequential hypothesis Testing for next best view estimation},
  school = {Deapartment of Computer and Information Science, University of Pennsylvania},
  year = {2012},
  month = {May},
}

@Book{Bertsekas07_SoC,
	year = {2007},
	author = {D. P. Bertsekas and S. E. Shreve},
	publisher = {Athena Scientific},
	title = {{Stochastic Optimal Control: the discrete-time case}}
}

@article{bajscy_88, 
	author={Bajcsy, R.}, 
	journal={Proceedings of the IEEE}, 
	title={Active perception}, 
	year={1988}, 
	month={aug}, 
	volume={76}, 
	number={8}, 
	pages={966-1005}
}

@article{Krotkov_93,
  author    = {Eric Krotkov and Ruzena Bajcsy},
  title     = {Active vision for reliable ranging: Cooperating focus, stereo, and vergence},
  journal   = {International Journal of Computer Vision},
  volume    = {11},
  number    = {2},
  year      = {1993},
  pages     = {187-203}
}

@article{pito99_nbv,
  author    = {Richard Pito},
  title     = {A Solution to the Next Best View Problem for Automated Surface
               Acquisition},
  journal   = {IEEE Trans. Pattern Anal. Mach. Intell.},
  volume    = {21},
  number    = {10},
  year      = {1999},
  pages     = {1016-1030}
}

@Unpublished{Javidi12_arxiv,
	title = {{Active sequential hypothesis testing}},
	url = {arXiv:1203.4626},
	author = {Mohammad Naghshavar and Tara Javidi},
	year = {2012}
}

@article{golovin11_adaptive,
	Author = {Daniel Golovin and Andreas Krause},
	Journal = {Journal of Artificial Intelligence Research (JAIR)},
	Pages = {427-486},
	Title = {Adaptive Submodularity: Theory and Applications in Active Learning and Stochastic Optimization},
	Volume = {42},
	Year = {2011}
}

@InCollection{karasev12_visual_learning,
  author = 	{Karasev, V. and Chiuso, A. and Soatto, S.},
  title = 	{Controlled Recognition Bounds for Visual Learning and Exploration},
  booktitle = 	{Advances in Neural Information Processing Systems},
  year = 	{2012},
  month = 	{December}
}
